<?xml version="1.0" encoding="UTF-8"?><collection xmlns="http://www.loc.gov/MARC21/slim"><record><leader>00719nam--2200193-i-4500</leader><controlfield tag="001">000006716</controlfield><controlfield tag="002">20161230</controlfield><controlfield tag="005">20161230201026</controlfield><controlfield tag="008">060222s1000------------r-----000-0-eng-d</controlfield><datafield ind1=" " ind2=" " tag="040"><subfield code="a">IFIN-HH</subfield></datafield><datafield ind1=" " ind2=" " tag="080"><subfield code="a">539.17:539.14</subfield></datafield><datafield ind1="1" ind2=" " tag="100"><subfield code="a">Clementel, E</subfield></datafield><datafield ind1="1" ind2="0" tag="245"><subfield code="a">Direct interactions and nuclear reactions mechanisms</subfield><subfield code="b">Proceedings of the conference direct interactions and nuclear reactions mechanisms held at the institute of physics of the university of padua september 3-8, 1962</subfield><subfield code="c">E. clementel, c. villi (eds.)</subfield></datafield><datafield ind1=" " ind2=" " tag="260"><subfield code="a">New York</subfield><subfield code="b">Gordon And Breach, Science Publishers</subfield><subfield code="c">1963</subfield></datafield><datafield ind1=" " ind2=" " tag="300"><subfield code="a">XLIX+1187P</subfield></datafield><datafield ind1=" " ind2=" " tag="490"><subfield code="a">Nuclear Physics</subfield></datafield><datafield ind1="1" ind2=" " tag="700"><subfield code="a">Villi, C</subfield><subfield code="e">Ed</subfield></datafield><datafield ind1=" " ind2=" " tag="852"><subfield code="a">19695</subfield><subfield code="c">539</subfield></datafield><datafield ind1=" " ind2=" " tag="CAT"><subfield code="a">Sys</subfield><subfield code="c">20110929</subfield><subfield code="h">130417</subfield></datafield></record></collection>